@misc{square,
    title = {Figures Inscribed in Curves: A short tour of an old problem},
    author = {Mark J. Nielsen},
    url = {https://www.webpages.uidaho.edu/~markn/squares/},
    note = {\url{https://www.webpages.uidaho.edu/~markn/squares/}}
}

@misc{3b1b,
    title = {Fractals are typically not self-similar},
    author = {3Blue1Brown},
    url = {https://www.youtube.com/watch?v=gB9n2gHsHN4},
    note = {\url{https://www.youtube.com/watch?v=gB9n2gHsHN4}}
}