@misc{treedrawing,
    title = {treedrawing: naive rooted tree drawing algorithm},
    author = {poypoyan},
    url = {https://github.com/poypoyan/treedrawing},
    note = {\url{https://github.com/poypoyan/treedrawing}}
}