@article{ackermann,
    author={Ackermann, Wilhelm},
    title={Zur Axiomatik der Mengenlehre},
    journal={Mathematische Annalen},
    year={1956},
    month={Aug},
    day={01},
    volume={131},
    number={4},
    pages={336-345},
    issn={1432-1807},
    doi={10.1007/BF01350103},
    url={https://doi.org/10.1007/BF01350103}
}

@book{jech,
    author = {Jech, Thomas},
    publisher = {Springer},
    title = {Set Theory: The Third Millennium Edition},
    year = {2003}
}
