@article{cantor,
    url = {http://www.digizeitschriften.de/dms/img/?PID=GDZPPN002113910},
    author = {Cantor, Georg},
    journal = {Jahresbericht der Deutschen Mathematiker-Vereinigung},
    volume = {1},
    pages = {75-78},
    title = {Ueber eine elementare Frage der Mannigfaltigketislehre.},
    year = {1891}
}

@article{salehi,
    ISSN = {10798986, 19435894},
    URL = {https://www.jstor.org/stable/26965202},
    author = {Saeed Salehi},
    journal = {The Bulletin of Symbolic Logic},
    number = {1},
    pages = {80--88},
    publisher = {[Association for Symbolic Logic, Cambridge University Press]},
    title = {On The Diagonal Lemma of Gödel and Carnap},
    volume = {26},
    year = {2020}
}

@article{jeroslow,
    ISSN = {00224812},
    URL = {http://www.jstor.org/stable/2273028},
    author = {R. G. Jeroslow},
    journal = {The Journal of Symbolic Logic},
    number = {3},
    pages = {359--367},
    publisher = {[Association for Symbolic Logic, Cambridge University Press]},
    title = {Redundancies in the Hilbert-Bernays Derivability Conditions for Gödel's Second Incompleteness Theorem},
    volume = {38},
    year = {1973}
}