@unpublished{ast-nwf,
    author={poypoyan},
    title={My Pet Set Theory: \textsf{AST+NWF}},
    note={Di inilathala},
    year={2023},
    url={https://github.com/poypoyan/matematex/blob/main/files/ackermann.pdf}
}

@misc{yablo,
    title = {The Yablo Paradox},
    howpublished = {The Internet Encyclopedia of Philosophy},
    author = {Roy Cook},
    url = {https://iep.utm.edu/yablo-pa/},
    note = {\url{https://iep.utm.edu/yablo-pa/}}
}
