@book{history,
    author = {Kline, Morris},
    title = {Mathematical Thought from Ancient to Modern Times},
    publisher = {Oxford University Press},
    volume = 1,
    year = {1990},
    month = {03},
    isbn = {9780195061352},
    doi = {10.1093/oso/9780195061352.001.0001},
    url = {https://doi.org/10.1093/oso/9780195061352.001.0001},
}

@article{dehornoy,
    ISSN = {10798986},
    URL = {http://www.jstor.org/stable/421170},
    author = {Patrick Dehornoy},
    journal = {The Bulletin of Symbolic Logic},
    number = {4},
    pages = {379--391},
    publisher = {[Association for Symbolic Logic, Cambridge University Press]},
    title = {Another Use of Set Theory},
    urldate = {2025-04-29},
    volume = {2},
    year = {1996}
}

@inbook{simpson,
    place={Cambridge},
    series={Perspectives in Logic},
    title={Introduction (from Subsystems of Second Order Arithmetic)},
    booktitle={Subsystems of Second Order Arithmetic},
    publisher={Cambridge University Press},
    author={Simpson, Stephen G.},
    year={2009}, pages={1â€“60},
    collection={Perspectives in Logic}
}

@article{astnwf,
    title = {My Pet Set Theory: \textsf{AST+NWF}},
    author = {poypoyan},
    note = {\url{https://github.com/poypoyan/matematex/blob/main/files/ackermann.pdf}}
}

@Article{hamkins2025,
author="Hamkins, Joel David",
title="Nonlinearity and illfoundedness in the hierarchy of large cardinal consistency strength",
journal="Monatshefte f{\"u}r Mathematik",
year="2025",
month="Apr",
day="30",
doi="10.1007/s00605-025-02082-1",
url="https://doi.org/10.1007/s00605-025-02082-1"
}

